 %**********************************************************************************************************************
@book{bayer2008algoritmy,
  title={Algoritmy v digit{\'a}ln{\'\i} kartografii},
  author={Bayer, Tom{\'a}{\v{s}}},
  year={2008},
  publisher={Karolinum}
}

@online{geomVyhl,
  author = "Bayer, Tomáš",
  title  =	"Geometrické vyhledání",
  url   =	"https://web.natur.cuni.cz/~bayertom/images/courses/Adk/adk3.pdf",
  addendum = "(accessed: 13.10.2019)",  
  keywords = "Tomáš,Bayer",
}

@online{introWherewolf,
  author = "Introducing Wherewolf",
  title  =	"A serverless boundary service from WNYC",
  url   =	"https://source.opennews.org/articles/introducing-wherewolf/",
  addendum = "(accessed: 13.10.2019)",
  keywords = "Wherewolf,introduction" ,
}

@online{QtDdocs,
  title  =	"Qt Documentation Archives. Qt Documentation Archives ",
  url   =	"https://doc.qt.io/archives/",
  addendum = "(accessed: 13.10.2019)" ,
  keywords = "QT,documentation",
}

@online{cpp,
  title  =	{Cplusplus. Cplusplus },
  url   =	{http://www.cplusplus.com},
  addendum = "(accessed: 13.10.2019)",
  keywords = "c++,documentation",
}