 %**********************************************************************************************************************
@book{bayer2008algoritmy,
  title={Algoritmy v digit{\'a}ln{\'\i} kartografii},
  author={Bayer, Tom{\'a}{\v{s}}},
  year={2008},
  publisher={Karolinum}
<<<<<<< HEAD
=======
}

@online{operaceGIS,
  author = "Bayer, Tomáš",
  title  =	"Geometrické vyhledání",
  url   =	"https://web.natur.cuni.cz/~bayertom/images/courses/Adk/adk9.pdf",
  addendum = "(accessed: 17.12.2019)",  
  keywords = "Tomáš,Bayer",
}

@online{QtDdocs,
  title  =	"Qt Documentation Archives. Qt Documentation Archives ",
  url   =	"https://doc.qt.io/archives/",
  addendum = "(accessed: 4.11.2019)" ,
  keywords = "QT,documentation",
}

