
 %**********************************************************************************************************************
@book{bayer2008algoritmy,
  title= "Algoritmy v digit{\'a}ln{\'\i} kartografii",
  author= "Bayer, Tom{\'a}{\v{s}}",
  year= "2008",
  publisher="Karolinum"
}

@online{DMT,
  author = "Bayer, Tomáš",
  title  =	"2D tirangulace, DMT",
  url   =	"https://web.natur.cuni.cz/~bayertom/images/courses/Adk/adk5.pdf",
  addendum = "(accessed: 1.11.2019)",  
  keywords = "Tomáš,Bayer",
}

@online{QtDdocs,
  title  =	"Qt Documentation Archives. Qt Documentation Archives ",
  url   =	"https://doc.qt.io/archives/",
  addendum = "(accessed: 1.12.2019)" ,
  keywords = "QT,documentation",
}

@online{watersurface,
  title  =	"The Effect of Surface Waves on Airborne Lidar Bathymetry (ALB) Measurement Uncertainties ",
  url   =	"https://www.researchgate.net/figure/3D-water-surface-model-triangulated-by-Delaunay-triangulation_fig3_323736320",
  addendum = "(accessed: 1.12.2019)" ,
  keywords = "3D water surface, Delaunay triangulation"
}