 %**********************************************************************************************************************
@book{bayer2008algoritmy,
  title={Algoritmy v digit{\'a}ln{\'\i} kartografii},
  author={Bayer, Tom{\'a}{\v{s}}},
  year={2008},
  publisher={Karolinum}
}